<?xml version="1.0" encoding="UTF-8"?><collection xmlns="http://www.loc.gov/MARC21/slim"><record><leader>00611nam--2200205-u-4500</leader><controlfield tag="001">000050683</controlfield><controlfield tag="002">20161230</controlfield><controlfield tag="005">20161230201048</controlfield><controlfield tag="008">080312s1000------------r-----000-0-eng-d</controlfield><datafield ind1=" " ind2=" " tag="020"><subfield code="a">978-1-57498-218-3</subfield></datafield><datafield ind1=" " ind2=" " tag="040"><subfield code="a">IFIN-HH</subfield></datafield><datafield ind1=" " ind2=" " tag="080"><subfield code="a">621.762</subfield></datafield><datafield ind1="1" ind2=" " tag="100"><subfield code="a">Soohoo,R.F.(ed.)</subfield></datafield><datafield ind1="1" ind2="0" tag="245"><subfield code="a">Ninth International Conference on Ferrites ICF 9</subfield><subfield code="b">Proceedings of the 9th International Conference on Ferrites (ICF 9 )</subfield></datafield><datafield ind1=" " ind2=" " tag="260"><subfield code="a">New York</subfield><subfield code="b">John Wiley</subfield><subfield code="c">2005</subfield></datafield><datafield ind1=" " ind2=" " tag="300"><subfield code="a">959 p</subfield></datafield><datafield ind1=" " ind2=" " tag="504"><subfield code="a">Includes Index</subfield></datafield><datafield ind1=" " ind2="4" tag="650"><subfield code="a">Properties of Nanostructured Ferrites</subfield></datafield><datafield ind1=" " ind2=" " tag="852"><subfield code="c">621.762</subfield></datafield><datafield ind1=" " ind2=" " tag="CAT"><subfield code="a">Sys</subfield><subfield code="c">20080312</subfield><subfield code="h">114403</subfield></datafield></record></collection>